{
  "leader": "05928cam a2200709 i 4500",
  "fields": [
    {
      "001": "ocn895030504"
    },
    {
      "003": "OCoLC"
    },
    {
      "005": "20221222103407.0"
    },
    {
      "008": "141107s2015\\\\\\\\nyuaf\\\\\\\\b\\\\\\\\001\\0\\eng\\\\"
    },
    {
      "010": {
        "ind1": "\\",
        "ind2": "\\",
        "subfields": [
          {
            "a": "  2014040510"
          }
        ]
      }
    },
    {
      "040": {
        "ind1": "\\",
        "ind2": "\\",
        "subfields": [
          {
            "a": "DLC"
          },
          {
            "b": "eng"
          },
          {
            "e": "rda"
          },
          {
            "c": "DLC"
          },
          {
            "d": "IG#"
          },
          {
            "d": "YDXCP"
          },
          {
            "d": "BTCTA"
          },
          {
            "d": "BDX"
          },
          {
            "d": "JAI"
          },
          {
            "d": "ABG"
          },
          {
            "d": "CDX"
          },
          {
            "d": "UOK"
          },
          {
            "d": "IH9"
          },
          {
            "d": "LF3"
          },
          {
            "d": "VP@"
          },
          {
            "d": "ILM"
          },
          {
            "d": "MOF"
          },
          {
            "d": "INR"
          },
          {
            "d": "IUL"
          },
          {
            "d": "NDS"
          },
          {
            "d": "OCLCQ"
          },
          {
            "d": "IUL"
          },
          {
            "d": "HRF"
          },
          {
            "d": "OCLCO"
          },
          {
            "d": "UCW"
          },
          {
            "d": "TYC"
          },
          {
            "d": "KYD"
          },
          {
            "d": "FSP"
          },
          {
            "d": "CSA"
          },
          {
            "d": "IPL"
          },
          {
            "d": "OCLCF"
          },
          {
            "d": "HCO"
          },
          {
            "d": "CUY"
          },
          {
            "d": "GILDS"
          },
          {
            "d": "OCLCQ"
          },
          {
            "d": "OCLCO"
          },
          {
            "d": "OCLCQ"
          },
          {
            "d": "OCLCO"
          },
          {
            "d": "OCLCQ"
          },
          {
            "d": "OCLCO"
          },
          {
            "d": "EYB"
          },
          {
            "d": "OKX"
          },
          {
            "d": "M@S"
          },
          {
            "d": "TKN"
          },
          {
            "d": "RCL"
          },
          {
            "d": "B@L"
          },
          {
            "d": "FQG"
          },
          {
            "d": "SPP"
          },
          {
            "d": "OCLCQ"
          },
          {
            "d": "OCLCO"
          },
          {
            "d": "PAU"
          },
          {
            "d": "YCP"
          },
          {
            "d": "FSS"
          },
          {
            "d": "OKS"
          },
          {
            "d": "TWJ"
          },
          {
            "d": "S#L"
          },
          {
            "d": "PEX"
          },
          {
            "d": "NTG"
          },
          {
            "d": "FIC"
          },
          {
            "d": "GO8"
          },
          {
            "d": "NJR"
          },
          {
            "d": "ALV"
          },
          {
            "d": "JDP"
          },
          {
            "d": "VAN"
          },
          {
            "d": "BGU"
          },
          {
            "d": "KOTUI"
          },
          {
            "d": "WYL"
          },
          {
            "d": "MLSOD"
          },
          {
            "d": "VLW"
          },
          {
            "d": "WYU"
          },
          {
            "d": "UWO"
          },
          {
            "d": "YOU"
          },
          {
            "d": "OCLCQ"
          },
          {
            "d": "OCLCO"
          },
          {
            "d": "D6H"
          },
          {
            "d": "OCLCQ"
          },
          {
            "d": "OCLCO"
          },
          {
            "d": "AZU"
          },
          {
            "d": "T7X"
          },
          {
            "d": "ROB"
          },
          {
            "d": "U3G"
          },
          {
            "d": "TY5"
          },
          {
            "d": "LKC"
          },
          {
            "d": "MBB"
          },
          {
            "d": "GZN"
          },
          {
            "d": "OCLCQ"
          },
          {
            "d": "IL4J6"
          },
          {
            "d": "OCLCO"
          },
          {
            "d": "GIP"
          },
          {
            "d": "OCLCO"
          }
        ]
      }
    },
    {
      "019": {
        "ind1": "\\",
        "ind2": "\\",
        "subfields": [
          {
            "a": "889165124"
          },
          {
            "a": "908282665"
          },
          {
            "a": "910654678"
          },
          {
            "a": "918995241"
          },
          {
            "a": "935949900"
          },
          {
            "a": "1200984398"
          },
          {
            "a": "1201007627"
          },
          {
            "a": "1201594996"
          },
          {
            "a": "1202003087"
          },
          {
            "a": "1295190564"
          }
        ]
      }
    },
    {
      "020": {
        "ind1": "\\",
        "ind2": "\\",
        "subfields": [
          {
            "a": "9780809031610"
          },
          {
            "q": "(hardcover)"
          }
        ]
      }
    },
    {
      "020": {
        "ind1": "\\",
        "ind2": "\\",
        "subfields": [
          {
            "a": "0809031612"
          },
          {
            "q": "(hardcover)"
          }
        ]
      }
    },
    {
      "020": {
        "ind1": "\\",
        "ind2": "\\",
        "subfields": [
          {
            "a": "9780809031641"
          },
          {
            "q": "(paperback)"
          }
        ]
      }
    },
    {
      "020": {
        "ind1": "\\",
        "ind2": "\\",
        "subfields": [
          {
            "a": "0809031647"
          },
          {
            "q": "(paperback)"
          }
        ]
      }
    },
    {
      "020": {
        "ind1": "\\",
        "ind2": "\\",
        "subfields": [
          {
            "z": "9780809031634"
          },
          {
            "q": "(e-book)"
          }
        ]
      }
    },
    {
      "020": {
        "ind1": "\\",
        "ind2": "\\",
        "subfields": [
          {
            "z": "0809031639"
          },
          {
            "q": "(e-book)"
          }
        ]
      }
    },
    {
      "035": {
        "ind1": "\\",
        "ind2": "\\",
        "subfields": [
          {
            "a": "(OCoLC)895030504"
          },
          {
            "z": "(OCoLC)889165124"
          },
          {
            "z": "(OCoLC)908282665"
          },
          {
            "z": "(OCoLC)910654678"
          },
          {
            "z": "(OCoLC)918995241"
          },
          {
            "z": "(OCoLC)935949900"
          },
          {
            "z": "(OCoLC)1200984398"
          },
          {
            "z": "(OCoLC)1201007627"
          },
          {
            "z": "(OCoLC)1201594996"
          },
          {
            "z": "(OCoLC)1202003087"
          },
          {
            "z": "(OCoLC)1295190564"
          }
        ]
      }
    },
    {
      "037": {
        "ind1": "\\",
        "ind2": "\\",
        "subfields": [
          {
            "b": "Farrar Straus & Giroux, C/O Mps 16365 James Madison Hwy, Gordonsville, VA, USA, 22942, (540)6727600"
          },
          {
            "n": "SAN 631-5011"
          }
        ]
      }
    },
    {
      "042": {
        "ind1": "\\",
        "ind2": "\\",
        "subfields": [
          {
            "a": "pcc"
          }
        ]
      }
    },
    {
      "043": {
        "ind1": "\\",
        "ind2": "\\",
        "subfields": [
          {
            "a": "n-us---"
          }
        ]
      }
    },
    {
      "050": {
        "ind1": "0",
        "ind2": "0",
        "subfields": [
          {
            "a": "PN1991.77.W3"
          },
          {
            "b": "S48 2015"
          }
        ]
      }
    },
    {
      "082": {
        "ind1": "0",
        "ind2": "0",
        "subfields": [
          {
            "a": "791.4472"
          },
          {
            "b": "SCH"
          }
        ]
      }
    },
    {
      "100": {
        "ind1": "1",
        "ind2": "\\",
        "subfields": [
          {
            "a": "Schwartz, A. Brad"
          },
          {
            "q": "(Austin Bradley),"
          },
          {
            "e": "author."
          }
        ]
      }
    },
    {
      "245": {
        "ind1": "1",
        "ind2": "0",
        "subfields": [
          {
            "a": "Broadcast hysteria :"
          },
          {
            "b": "Orson Welles's War of the Worlds and the art of fake news /"
          },
          {
            "c": "A. Brad Schwartz."
          }
        ]
      }
    },
    {
      "250": {
        "ind1": "\\",
        "ind2": "\\",
        "subfields": [
          {
            "a": "First edition."
          }
        ]
      }
    },
    {
      "264": {
        "ind1": "\\",
        "ind2": "4",
        "subfields": [
          {
            "c": "\u00a92015"
          }
        ]
      }
    },
    {
      "264": {
        "ind1": "\\",
        "ind2": "1",
        "subfields": [
          {
            "a": "New York :"
          },
          {
            "b": "Hill and Wang, A division of Farrar, Straus and Giroux,"
          },
          {
            "c": "2015."
          }
        ]
      }
    },
    {
      "300": {
        "ind1": "\\",
        "ind2": "\\",
        "subfields": [
          {
            "a": "337 pages, 8 unnumbered pages of plates :"
          },
          {
            "b": "illustrations ;"
          },
          {
            "c": "24 cm"
          }
        ]
      }
    },
    {
      "336": {
        "ind1": "\\",
        "ind2": "\\",
        "subfields": [
          {
            "a": "text"
          },
          {
            "b": "txt"
          },
          {
            "2": "rdacontent"
          }
        ]
      }
    },
    {
      "337": {
        "ind1": "\\",
        "ind2": "\\",
        "subfields": [
          {
            "a": "unmediated"
          },
          {
            "b": "n"
          },
          {
            "2": "rdamedia"
          }
        ]
      }
    },
    {
      "338": {
        "ind1": "\\",
        "ind2": "\\",
        "subfields": [
          {
            "a": "volume"
          },
          {
            "b": "nc"
          },
          {
            "2": "rdacarrier"
          }
        ]
      }
    },
    {
      "380": {
        "ind1": "\\",
        "ind2": "\\",
        "subfields": [
          {
            "a": "Book"
          },
          {
            "2": "tlcgt"
          }
        ]
      }
    },
    {
      "385": {
        "ind1": "\\",
        "ind2": "\\",
        "subfields": [
          {
            "a": "General"
          },
          {
            "2": "tlctarget"
          }
        ]
      }
    },
    {
      "504": {
        "ind1": "\\",
        "ind2": "\\",
        "subfields": [
          {
            "a": "Includes bibliographical references (pages 237-317) and index."
          }
        ]
      }
    },
    {
      "505": {
        "ind1": "0",
        "ind2": "\\",
        "subfields": [
          {
            "a": "Introduction -- Journalism and showmanship -- Winged Mercury -- Martians of the mind's eye -- Yours in terror -- Public frightener no. 1 -- Air racketeers -- The public interest -- The story of the century -- A matter of psychology -- The horror man -- Conclusion."
          }
        ]
      }
    },
    {
      "520": {
        "ind1": "\\",
        "ind2": "\\",
        "subfields": [
          {
            "a": "On the evening of October 30, 1938, radio listeners across the United States heard a startling report of a meteor strike in the New Jersey countryside. With sirens blaring in the background, announcers in the field described mysterious creatures, terrifying war machines, and thick clouds of poison gas moving toward New York City. As the invading force approached Manhattan, some listeners sat transfixed, while others ran to alert neighbors or to call the police. Some even fled their homes. But the hair-raising broadcast was not a real news bulletin-it was Orson Welles's adaptation of the H.G. Wells classic The War of the Worlds. In Broadcast Hysteria, A. Brad Schwartz boldly retells the story of Welles's famed radio play and its impact. Did it really spawn a \"wave of mass hysteria,\" as The New York Times reported? Schwartz is the first to examine the hundreds of letters sent to Orson Welles himself in the days after the broadcast, and his findings challenge the conventional wisdom. Few listeners believed an actual attack was under way. But even so, Schwartz shows that Welles's broadcast became a major scandal, prompting a different kind of mass panic as Americans debated the bewitching power of the radio and the country's vulnerability in a time of crisis. When the debate was over, American broadcasting had changed for good, but not for the better. As Schwartz tells this story, we observe how an atmosphere of natural disaster and impending war permitted broadcasters to create shared live national experiences for the first time. We follow Orson Welles's rise to fame and watch his manic energy and artistic genius at work in the play's hurried yet innovative production. And we trace the present-day popularity of \"fake news\" back to its source in Welles's show and its many imitators. Schwartz's original research, gifted storytelling, and thoughtful analysis make Broadcast Hysteria a groundbreaking new look at a crucial but little-understood episode in American history."
          }
        ]
      }
    },
    {
      "600": {
        "ind1": "1",
        "ind2": "0",
        "subfields": [
          {
            "a": "Welles, Orson,"
          },
          {
            "d": "1915-1985"
          },
          {
            "x": "Criticism and interpretation."
          }
        ]
      }
    },
    {
      "600": {
        "ind1": "1",
        "ind2": "0",
        "subfields": [
          {
            "a": "Welles, Orson,"
          },
          {
            "d": "1915-1985"
          },
          {
            "x": "Influence."
          }
        ]
      }
    },
    {
      "630": {
        "ind1": "0",
        "ind2": "0",
        "subfields": [
          {
            "a": "War of the worlds (Radio program)"
          },
          {
            "x": "Influence."
          }
        ]
      }
    },
    {
      "650": {
        "ind1": "\\",
        "ind2": "0",
        "subfields": [
          {
            "a": "Science fiction radio programs"
          },
          {
            "x": "Psychological aspects."
          }
        ]
      }
    },
    {
      "650": {
        "ind1": "\\",
        "ind2": "0",
        "subfields": [
          {
            "a": "Mass media and public opinion."
          }
        ]
      }
    },
    {
      "650": {
        "ind1": "\\",
        "ind2": "0",
        "subfields": [
          {
            "a": "Hoaxes in mass media."
          }
        ]
      }
    },
    {
      "650": {
        "ind1": "\\",
        "ind2": "0",
        "subfields": [
          {
            "a": "Radio broadcasting"
          },
          {
            "z": "United States"
          },
          {
            "x": "History"
          },
          {
            "y": "20th century."
          }
        ]
      }
    },
    {
      "650": {
        "ind1": "\\",
        "ind2": "0",
        "subfields": [
          {
            "a": "Broadcast journalism"
          },
          {
            "z": "United States"
          },
          {
            "x": "History"
          },
          {
            "y": "20th century."
          }
        ]
      }
    },
    {
      "600": {
        "ind1": "1",
        "ind2": "7",
        "subfields": [
          {
            "a": "Welles, Orson,"
          },
          {
            "d": "1915-1985."
          },
          {
            "2": "fast"
          },
          {
            "0": "(OCoLC)fst00031295"
          }
        ]
      }
    },
    {
      "630": {
        "ind1": "0",
        "ind2": "7",
        "subfields": [
          {
            "a": "War of the worlds (Radio program)"
          },
          {
            "2": "fast"
          },
          {
            "0": "(OCoLC)fst01366494"
          }
        ]
      }
    },
    {
      "650": {
        "ind1": "\\",
        "ind2": "7",
        "subfields": [
          {
            "a": "Broadcast journalism."
          },
          {
            "2": "fast"
          },
          {
            "0": "(OCoLC)fst00839167"
          }
        ]
      }
    },
    {
      "650": {
        "ind1": "\\",
        "ind2": "7",
        "subfields": [
          {
            "a": "Hoaxes in mass media."
          },
          {
            "2": "fast"
          },
          {
            "0": "(OCoLC)fst01903479"
          }
        ]
      }
    },
    {
      "650": {
        "ind1": "\\",
        "ind2": "7",
        "subfields": [
          {
            "a": "Influence (Literary, artistic, etc.)"
          },
          {
            "2": "fast"
          },
          {
            "0": "(OCoLC)fst00972484"
          }
        ]
      }
    },
    {
      "650": {
        "ind1": "\\",
        "ind2": "7",
        "subfields": [
          {
            "a": "Mass media and public opinion."
          },
          {
            "2": "fast"
          },
          {
            "0": "(OCoLC)fst01011360"
          }
        ]
      }
    },
    {
      "650": {
        "ind1": "\\",
        "ind2": "7",
        "subfields": [
          {
            "a": "Radio broadcasting."
          },
          {
            "2": "fast"
          },
          {
            "0": "(OCoLC)fst01087224"
          }
        ]
      }
    },
    {
      "651": {
        "ind1": "\\",
        "ind2": "7",
        "subfields": [
          {
            "a": "United States."
          },
          {
            "2": "fast"
          },
          {
            "0": "(OCoLC)fst01204155"
          }
        ]
      }
    },
    {
      "648": {
        "ind1": "\\",
        "ind2": "7",
        "subfields": [
          {
            "a": "1900-1999"
          },
          {
            "2": "fast"
          }
        ]
      }
    },
    {
      "655": {
        "ind1": "\\",
        "ind2": "7",
        "subfields": [
          {
            "a": "Criticism, interpretation, etc."
          },
          {
            "2": "fast"
          },
          {
            "0": "(OCoLC)fst01411635"
          }
        ]
      }
    },
    {
      "655": {
        "ind1": "\\",
        "ind2": "7",
        "subfields": [
          {
            "a": "History."
          },
          {
            "2": "fast"
          },
          {
            "0": "(OCoLC)fst01411628"
          }
        ]
      }
    },
    {
      "655": {
        "ind1": "\\",
        "ind2": "7",
        "subfields": [
          {
            "a": "Science fiction radio programs."
          },
          {
            "2": "fast"
          },
          {
            "0": "(OCoLC)fst01710503"
          }
        ]
      }
    },
    {
      "655": {
        "ind1": "\\",
        "ind2": "7",
        "subfields": [
          {
            "a": "Science fiction radio programs."
          },
          {
            "2": "lcgft"
          }
        ]
      }
    },
    {
      "994": {
        "ind1": "\\",
        "ind2": "\\",
        "subfields": [
          {
            "a": "Z0"
          },
          {
            "b": "NYRVC"
          }
        ]
      }
    },
    {
      "948": {
        "ind1": "\\",
        "ind2": "\\",
        "subfields": [
          {
            "h": "NO HOLDINGS IN NYRVC - 974 OTHER HOLDINGS"
          }
        ]
      }
    },
    {
      "999": {
        "ind1": "\\",
        "ind2": "\\",
        "subfields": [
          {
            "a": "00000000026166"
          }
        ]
      }
    }
  ]
}